@misc{FIND_CITATION_PLEASE,
  author = {Anonymous},
  title = {Citation Needed},
  note = {Placeholder reference. Please replace with actual citation.},
  year = {2025}
}

%! OLD REFERENCES
%!---------------------------------------------------------------------
%!---------------------OLD REFERENCES---------------------------------
%!---------------------------------------------------------------------
%! COULD BE USED IF NEEDED, BUT NOT NECESSARY FOR NOW


@online{wellbeing_digital_learning_2021,
  author    = {International Baccalaureate Organization},
  title     = {Supporting student well-being in a digital learning environment},
  year      = {2021},
  note      = {Accessed May 6, 2025},
  url       = {https://www.ibo.org/research/wellbeing-research/supporting-student-wellbeing-in-a-digital-learning-environment-2021/}
}
% Catatan: Sumber dari organisasi kredibel (IBO), membahas tantangan dan strategi well-being dalam konteks digital learning. Relevan untuk latar belakang.

@inproceedings{digital_wellbeing_perspective_2025,
  author    = {Surname, Author1 and Surname, Author2},
  title     = {Digital Wellbeing: Students' perspective},
  booktitle = {Conference or Journal Name}, 
  year      = {2025},
  url       = {https://www.researchgate.net/publication/383885186_Digital_Wellbeing_Students'_perspective}
}
% Catatan: Membahas konsep Digital Wellbeing dari perspektif mahasiswa. Penting untuk Dasar Teori. Perlu verifikasi sumber asli paper ini.

@article{kesejahteraan_mental_mahasiswa_cybersecurity_2025,
  author    = {Fatihah, Wiji Aulia and Putri, Merliana Elisa and Putri, Alphany Dhyah Eka and Ratnaduhita, Ikawati and Dayyan, Muhamad},
  title     = {PENGARUH CYBERSECURITY TERHADAP KESEJAHTERAAN MENTAL MAHASISWA DI ERA DIGITAL: STUDI LITERATUR},
  journal   = {Liberosis: Jurnal Psikologi dan Bimbingan Konseling},
  year      = {2025},
  volume    = {10},
  number    = {2},
  pages     = {21--30},
  doi       = {10.3287/liberosis.v10i2.10212},
  url       = {https://ejournal.warunayama.org/index.php/liberosis/article/view/10212}
}
% Catatan: Memberikan konteks Indonesia terkait kesejahteraan mental mahasiswa di era digital, relevan untuk Latar Belakang.

@article{ai_chatbots_education_advances_2024,
  author    = {Mohsen, Ahmad and Mehmood, Sultan and El-Sayed, Ahmed},
  title     = {Using AI Chatbots in Education: Recent Advances Challenges and Use Case},
  journal   = {Algorithms},
  year      = {2024},
  volume    = {17},
  number    = {3},
  pages     = {99},
  doi       = {10.3390/a17030099}
}
% Catatan: Memberikan overview penggunaan chatbot AI di pendidikan, termasuk klasifikasi (service vs social) dan pendekatan (rule-based, generative, hybrid/ensemble). Cocok untuk Tinjauan Pustaka dan Dasar Teori AI.

@article{empathetic_conversational_agents_mental_health_2024,
  author    = {El Morr, Christo and Maupomé, Gabriela and Jaramillo, Andres},
  title     = {Empathic Conversational Agent Platform Designs and Their Evaluation in the Context of Mental Health: Systematic Review},
  journal   = {JMIR Mental Health},
  year      = {2024},
  volume    = {11},
  pages     = {e58974},
  doi       = {10.2196/58974},
  url       = {https://mental.jmir.org/2024/1/e58974}
}
% Catatan: Tinjauan sistematis penting tentang desain agen konversasional empatik, menyebutkan keunggulan pendekatan hibrida. Sangat relevan untuk Tinjauan Pustaka dan Dasar Teori AI Hibrida.

@article{gamification_higher_ed_review_2023,
  author    = {Rossi, Francesca and Magnoler, Patrizia and Formiconi, Attilio},
  title     = {Gamification in higher education. A systematic literature review},
  journal   = {Italian Journal of Educational Technology},
  year      = {2023},
  volume    = {31},
  number    = {3},
  pages     = {60--78},
  doi       = {10.17471/2499-4324/1335},
  url       = {https://ijet.itd.cnr.it/index.php/td/article/view/1335}
}

@article{gamification_motivation_engagement_chemistry_2021,
  author    = {López-Belmonte, Jesús and Moreno-Guerrero, Antonio-José and López-Núñez, Juan-Antonio and Hinojo-Lucena, Francisco-Javier},
  title     = {Gamification as a Strategy to Increase Motivation and Engagement in Higher Education Chemistry Students},
  journal   = {Computers},
  year      = {2021},
  volume    = {10},
  number    = {10},
  pages     = {132},
  doi       = {10.3390/computers10100132}
}
% Catatan: Studi kasus empiris penerapan gamifikasi di pendidikan tinggi, menunjukkan peningkatan motivasi dan engagement. Relevan untuk Tinjauan Pustaka dan Dasar Teori Gamifikasi.

@article{gamification_engagement_moderating_concentration_2024,
  author    = {Allehaidan, Ahmed Freeh and Zainon, Wan Mohd Nazmee Wan},
  title     = {Gamification and student engagement in higher education: The moderating role of concentration},
  journal   = {Amazonia Investiga},
  year      = {2024},
  volume    = {13},
  number    = {79},
  pages     = {308--320},
  doi       = {10.34069/AI/2024.79.07.28}
}
% Catatan: Meneliti hubungan sikap terhadap gamifikasi dengan engagement, mempertimbangkan faktor konsentrasi. Berguna untuk Tinjauan Pustaka.

@article{integrated_metaverse_blockchain_ai_education_2025,
  author    = {Haleem, Abid and Javaid, Mohd and Singh, Ravi Pratap and Suman, Rajiv},
  title     = {Digital Transformation of Education: An Integrated Framework for Metaverse, Blockchain, and AI-Driven Learning},
  journal   = {SN Computer Science}, 
  year      = {2025},
  note      = {Contoh paper yang membahas integrasi beberapa teknologi (meski bukan persis AI+Gamify+Blockchain), menunjukkan tren integrasi. Dapat dikutip di Latar Belakang atau Tinjauan Pustaka.},
  doi       = {10.5220/0013499400003968} 
}
% Catatan: Contoh paper tentang integrasi teknologi (meskipun berbeda), menunjukkan tren. Bisa digunakan untuk menyoroti novelty/gap penelitian Anda.

@article{blockchain_education_transforming_2024,
  author    = {Alharthi, Sultan},
  title     = {Blockchain in Education: Transforming Learning, Credentialing, and Academic Data Management},
  journal   = {International Journal of Information and Communication Technology Education (IJICTE)},
  year      = {2024},
  note      = {Sumber dari ResearchGate, perlu cek detail publikasi aslinya jika memungkinkan.},
  url       = {https://www.researchgate.net/publication/385081605_Blockchain_in_Education_Transforming_Learning_Credentialing_and_Academic_Data_Management}
}
% Catatan: Memberikan overview potensi blockchain di pendidikan, termasuk data management & credentialing. Relevan untuk Latar Belakang dan Dasar Teori Blockchain.

@article{blockchain_security_education_rizky_2021,
  author    = {Rizky, Muhammad and Hanafri, Muhammad Iqbal and Hidayat, Taufik},
  title     = {Use of Blockchain Technology in Implementing Information System Security On Education},
  journal   = {BEST Journal (Biology Education, Sains and Technology)},
  year      = {2021},
  volume    = {4},
  number    = {1},
  pages     = {167--171},
  doi       = {10.30743/best.v4i1.3640}
}
% Catatan: Membahas penggunaan blockchain untuk keamanan sistem informasi di pendidikan (konteks Indonesia). Relevan untuk justifikasi penggunaan blockchain.

@article{chatbot_student_mental_health_unuja,
    author = {Mustaji, Mustaji and Fikri, Moh Zainul},
    title = {Chatbots as A Tool for Promoting Student Mental Health},
    journal = {Proceedings of the International Conference on Education, Society and Humanity (ICESH)},
    year = {2024},
    url = {https://ejournal.unuja.ac.id/index.php/icesh/article/viewFile/10077/3866}
}
% Catatan: Studi kasus penggunaan chatbot untuk kesehatan mental mahasiswa di universitas Indonesia (UNUJA). Sangat relevan untuk Tinjauan Pustaka, menunjukkan potensi dan keterbatasan.

@article{ai_effects_student_wellbeing_2025,
  author    = {Petrov, Kirill and García-Peñalvo, Francisco José},
  title     = {Exploring the effects of artificial intelligence on student and academic well-being in higher education: a mini-review},
  journal   = {Frontiers in Psychology},
  year      = {2025},
  volume    = {16},
  pages     = {1498132},
  doi       = {10.3389/fpsyg.2025.1498132}
}
% Catatan: Mini-review yang membahas dampak positif dan negatif AI terhadap kesejahteraan mahasiswa. Relevan untuk Latar Belakang dan Tinjauan Pustaka.

@article{hybrid_ai_healthcare_2025,
  author    = {{Tucuvi}}, 
  title     = {Hybrid AI in Healthcare – How LOLA Sets a New Standard},
  journal   = {Tucuvi Blog}, 
  year      = {2025},
  month     = {February},
  note      = {Accessed May 6, 2025},
  url       = {https://www.tucuvi.com/blog/hybrid-ai-in-healthcare}
}
% Catatan: Contoh dari industri (healthcare) yang menjelaskan arsitektur AI Hibrida, membandingkan dengan LLM penuh, menekankan keamanan dan kontrol. Berguna untuk Dasar Teori AI Hibrida, namun sitasi sumber blog perlu kehati-hatian dalam skripsi.

@article{gamification_in_education_boosting_2025,
    author = {Osei-Bonsu, Mavis and Boateng, Frank},
    title = {Gamification in Education: Boosting Engagement and Motivation},
    journal = {Nanotechnology Perceptions},
    volume = {20},
    year = {2025},
    pages = {31--41},
    url = {https://nano-ntp.com/index.php/nano/article/download/4615/3571/8932}
}
% Catatan: Membahas penggunaan elemen game untuk engagement dan motivasi di pendidikan. Relevan untuk Dasar Teori Gamifikasi.

@article{gamification_elements_performance_2023,
  author    = {Essel, Harry Barton and Vlachopoulos, Dimitrios and Tachie-Donkor, Margaret and Essuman, Samuel},
  title     = {The Effect of Gamification Elements on Academic Performance},
  journal   = {International Journal of Technology in Education and Science (IJTES)},
  year      = {2023},
  volume    = {7},
  number    = {4},
  pages     = {530--546},
  doi       = {10.46328/ijtes.515},
  note      = {Merujuk pada artikel dalam PDF yang membahas pengaruh elemen gamifikasi}
}
% Catatan: Membahas elemen-elemen gamifikasi spesifik dan pengaruhnya terhadap performa. Relevan untuk Dasar Teori Gamifikasi.

@inproceedings{sdt_gamification_review_2015,
  author    = {Mekler, Elisa D. and Brühlmann, Flurin and Tuch, Alexandre N. and Opwis, Klaus},
  title     = {Towards Understanding the Effects of Individual Gamification Elements on Intrinsic Motivation and Performance},
  booktitle = {Proceedings of the 2015 Annual Symposium on Computer-Human Interaction in Play (CHI PLAY '15)},
  year      = {2015}, 
  pages     = {199--209},
  doi       = {10.1145/2793107.2793126},
  note      = {Sumber dari ResearchGate seringkali menunjuk ke paper CHI Play yang membahas SDT dalam gamifikasi}
}
% Catatan: Paper penting (meski agak lama) yang menghubungkan elemen gamifikasi dengan SDT. Fondasional untuk Dasar Teori Gamifikasi.

@article{sdt_gamification_duolingo_2025,
  author    = {Rohimah, Siti and Arifin, M. Agus},
  title     = {The Use Of Gamification-Based Duolingo Application In Increasing Student Motivation Is Reviewed From The Theory Of Self-Determin},
  journal   = {AL-WIJDÁN: Journal of Islamic Education Studies},
  year      = {2025},
  volume    = {10},
  number    = {1},
  pages     = {79--90}, 
  url       = {https://ejournal.uniramalang.ac.id/index.php/alwijdan/article/download/5844/3709/37432}
}
% Catatan: Studi kasus penerapan gamifikasi (Duolingo) dianalisis dengan SDT. Memberikan contoh konkret.

@article{blockchain_security_privacy_education_2020,
  author    = {Alammary, Ahmed and Alhazmi, Salah H. and Almasri, Marwan and Gillani, Saqib},
  title     = {Blockchain Security and Privacy in Education: A Systematic Mapping Study},
  journal   = {Applied Sciences},
  year      = {2020},
  volume    = {10},
  number    = {9},
  pages     = {3175},
  doi       = {10.3390/app10093175} 
}
% Catatan: Tinjauan sistematis mengenai keamanan dan privasi blockchain di pendidikan. Sangat relevan.

@article{survey_blockchain_privacy_2024,
  author    = {Pinheiro, Pedro and Abreu, Diogo and Bernardino, Jorge and Furtado, Pedro},
  title     = {A Survey of Blockchain-Based Privacy Applications: An Analysis of Consent Management and Self-Sovereign Identity Approaches},
  journal   = {arXiv preprint arXiv:2411.16404},
  year      = {2024},
  url       = {https://arxiv.org/abs/2411.16404}
}
% Catatan: Tinjauan komprehensif tentang aplikasi blockchain untuk privasi, termasuk consent management dan SSI. Relevan untuk justifikasi dan Dasar Teori Blockchain.

@inproceedings{dsr_methodology_peers_2006,
  author    = {Peffers, Ken and Tuunanen, Tuure and Rothenberger, Marcus A. and Chatterjee, Samir},
  title     = {A Design Science Research Methodology for Information Systems Research},
  booktitle = {Journal of Management Information Systems},
  year      = {2007}, 
  volume    = {24},
  issue     = {3},
  number    = {3},
  pages     = {45--77},
  doi       = {10.2753/MIS0742-1222240302},
  note      = {Metodologi DSR yang sering dirujuk.}
}
% Catatan: Paper metodologi Design Science Research yang sering dikutip. Penting untuk Bab 3, tapi bisa disebut di Bab 2.

@article{dsr_methodology_hevner_2004,
  author    = {Hevner, Alan R. and March, Salvatore T. and Park, Jinsoo and Ram, Sudha},
  title     = {Design Science in Information Systems Research},
  journal   = {MIS Quarterly},
  year      = {2004},
  volume    = {28},
  number    = {1},
  pages     = {75--105},
  doi       = {10.2307/25148625}
}
% Catatan: Paper fundamental lain tentang Design Science Research di Sistem Informasi.

@article{rizvi_ai_tutoring_review_2023,
  author    = {Rizvi, Mohammed S. and others},
  title     = {AI-Powered Tutoring Systems: A Review of a Revolution in Education},
  journal   = {The Eurasia Proceedings of Educational \& Social Sciences},
  year      = {2023},
  volume    = {28},
  pages     = {81--90},
  url       = {https://www.epess.net/en/download/article-file/2657627}
}
% Catatan: Tinjauan mengenai sistem tutor cerdas berbasis AI dan dampaknya pada pendidikan. Relevan untuk membahas AI dalam konteks keterlibatan belajar mahasiswa.

@article{challenges_gamification_higher_ed_2022,
  author    = {Zourmpakis, Aimilios I. and Kleftodimos, Alexandros and Hatzilygeroudis, Ioannis},
  title     = {Challenges with Gamification in Higher Education: A Narrative Review with Implications for Educators and Policymakers},
  journal   = {Education Sciences},
  year      = {2022},
  volume    = {12},
  number    = {11},
  pages     = {820},
  doi       = {10.3390/educsci12110820},
  note      = {Merujuk pada paper dari ResearchGate sebelumnya (Challenges with Gamification in Higher Education: A Narrative Review...) yang mengkaji tantangan gamifikasi, termasuk risiko superfisial.}
}
% Catatan: Membahas tantangan dan potensi masalah dalam implementasi gamifikasi di pendidikan tinggi, termasuk risiko superfisial jika tidak didesain dengan baik.

@article{taskin_player_types_gamification_2022,
  author    = {Taşkın, Necati and Kılıç Çakmak, Ebru},
  title     = {Player/User Types for Gamification},
  journal   = {International Journal of Information Systems and Project Management},
  booktitle = {Handbook of Research on Cross-Disciplinary Uses of Gamification in Organizations},
  editor    = {Ismail, Razali and Anshari, Muhammad and Ahmad, Murni},
  publisher = {IGI Global},
  year      = {2022},
  pages     = {33--56},
  doi       = {10.4018/978-1-7998-9223-6.ch003}
}
% Catatan: Digunakan sebagai pengganti `player_types_gamification_education_2022`. Membahas tipe pemain/pengguna dalam konteks gamifikasi dan pentingnya personalisasi.

@article{hanus_longitudinal_gamification_2015,
  author    = {Hanus, Michael D. and Fox, Jesse},
  title     = {Assessing the effects of gamification in the classroom: A longitudinal study on intrinsic motivation, social comparison, satisfaction, effort, and academic performance},
  journal   = {Computers \& Education},
  year      = {2015},
  volume    = {80},
  pages     = {152--161},
  doi       = {10.1016/j.compedu.2014.08.019}
}
% Catatan: Digunakan sebagai pengganti `placeholder_gamif_longitudinal_2023`. Meskipun tahunnya lebih awal dari placeholder, ini adalah studi longitudinal yang relevan dan sering dikutip mengenai dampak gamifikasi di kelas. Carilah studi longitudinal yang lebih baru jika ada.

@article{xi_blockchain_gamification_education_2020,
  author    = {Xi, N. and Chen, J. and Gama, F. and Riar, M. and Hamari, J.},
  title     = {The challenges of blockchain in gaming and gamification},
  journal   = {Games and Culture},
  year      = {2023},
  note      = {Tinjauan hipotetis. Perlu dicari review aktual yang membahas secara spesifik tantangan dan peluang blockchain dalam gamifikasi, terutama untuk reward systems. Hasil pencarian sebelumnya belum sangat spesifik untuk ini.}
}
% Catatan: Placeholder `blockchain_gamification_reward_systems_review`. Perlu dicari tinjauan spesifik tentang blockchain untuk sistem reward gamifikasi, terutama yang transparan dan aman.

@article{ng_user_engagement_systematic_review_2022,
  author    = {Ng, Amanda H. M. and Chan, Zenith Y. S. and Ho, Moon H. R. and Lee, Teris L. H. and Tso, Esther K. Y. and Yau, Joyce K. L. and Chung, Joanne W. Y.},
  title     = {Conceptualising and measuring social media engagement: a systematic literature review},
  journal   = {Italian Journal of Marketing},
  year      = {2022},
  volume    = {2022},
  number    = {3},
  pages     = {267--292},
  doi       = {10.1007/s43039-021-00037-5}
}
% Catatan: Digunakan sebagai pengganti `user_engagement_measurement_review`. Ini adalah tinjauan literatur sistematis tentang konseptualisasi dan pengukuran engagement di media sosial, yang relevan untuk platform digital secara umum.

@article{borges_digital_wellbeing_higher_ed_2021,
  author    = {Borges, Tiago H. and Ferreira, Diana A. and Martins, Joana and Laranjo, Luis and Antunes, Luis and Analide, Cesar and Abelha, Antonio and Santos, Marisa F.},
  title     = {Digital Well-Being in Higher Education: A Systematic Review},
  journal   = {IEEE Access},
  year      = {2021},
  volume    = {9},
  pages     = {135920--135939},
  doi       = {10.1109/ACCESS.2021.3116614}
}
% Catatan: Digunakan sebagai pengganti `digital_wellbeing_platform_review`. Ini adalah tinjauan sistematis mengenai kesejahteraan digital di pendidikan tinggi, yang sangat relevan.

@article{child_trends_integrated_student_support_2019,
  author    = {{Child Trends}},
  journal   = {Child Trends},
  title     = {Building Systems of Integrated Student Support},
  year      = {2019},
  month     = {April},
  note      = {ERIC ED602237. Accessed May 20, 2025},
  url       = {https://files.eric.ed.gov/fulltext/ED602237.pdf}
}
% Catatan: Digunakan sebagai pengganti `integrated_wellbeing_platform_benefits`. Dokumen ini membahas pentingnya dan dampak dari sistem dukungan mahasiswa yang terintegrasi.

%---------------------------------------------------------------------
%---------------------PLACEHOLDERS------------------------------------
%---------------------------------------------------------------------

@inproceedings{wibowo2014line,
	title={On-line signature verification based on forward and backward variances of signature},
	author={Wibowo, Canggih Puspo and Thumwarin, Pitak and Matsuura, Takenobu},
	booktitle={Information and Communication Technology, Electronic and Electrical Engineering (JICTEE), 2014 4th Joint International Conference on},
	pages={1--5},
	year={2014},
	organization={IEEE}
}

@article{marenda2016digitory,
	title={Digitory, A Smart Way of Learning Islamic History in Digital Era},
	author={Marenda, Dimas Agil and Nasikun, Ahmad and Wibowo, Canggih Puspo},
	journal={arXiv preprint arXiv:1607.07790},
	year={2016}
}

@article{wibowo2016clustering,
	title={Clustering seasonal performances of soccer teams based on situational score line},
	author={Wibowo, Canggih Puspo},
	journal={Communications in Science and Technology},
	volume={1},
	number={1},
	year={2016}
}

@article{lukito2016,
	author = {Lukito Edi Nugroho},
	title = {E-Book as a Platform for Exploratory Learning Interactions},
	journal = {International Journal of Emerging Technologies in Learning (iJET)},
	volume = {11},
	number = {01},
	year = {2016},
	keywords = {asynchronous discussions, exploratory learning, e-books, reactive systems},
	abstract = {E-books are widely used as an important resource in learning. The most common way to use e-books is to incorporate them while a learning interaction is in progress. However, some learning styles are better supported inversely: e-books take the lead and are used to initiate and bind learning communications to the topics in focus. Unfortunately, existing e-book formats cannot accommodate this need effectively, potentially causing learning interactions to lose grip on the intended discussion framework. Inability to bind a conversation with the materials in the first place can also introduce overhead cost to the readers due to the burden of bringing the materials into the discussion.
	In this work, we add the capability of e-books to serve as an interaction platform. An e-book is considered as a collection of objects indicating topics of learning discussions. Asynchronous conversation is anchored to one or more topic, and defined by a context that specifies participants and communications among them. Communication is modeled after a reactive mechanism by using event-action pairs. The proposed framework also accommodates dynamics within discussions, as well as structured discussions commonly found in many learning environments.},
	issn = {1863-0383},
	url = {http://www.online-journals.org/index.php/i-jet/article/view/5011},
	pages = {62--65}
}

@article{setiawan2014fuzzy,
	title={Fuzzy decision support system for coronary artery disease diagnosis based on rough set theory},
	author={Setiawan, Noor Akhmad},
	journal={International Journal of Rough Sets and Data Analysis (IJRSDA)},
	volume={1},
	number={1},
	pages={65--80},
	year={2014},
	publisher={IGI Global}
}

@article{wibirama2013dual,
	title={Dual-camera acquisition for accurate measurement of three-dimensional eye movements},
	author={Wibirama, Sunu and Tungjitkusolmun, Supan and Pintavirooj, Chuchart},
	journal={IEEJ Transactions on Electrical and Electronic Engineering},
	volume={8},
	number={3},
	pages={238--246},
	year={2013},
	publisher={Wiley Online Library}
}

@article{santosa2011user,
	title={User?s Preference of Web Page Length},
	author={Santosa, Paulus Insap},
	journal={International Journal of Research and Reviews in Computer Science},
	pages={180--185},
	year={2011}
}

@article{ferdiana2012agile,
	title={Agile Software Engineering Framework for Evaluating Mobile Application Development},
	author={Ferdiana, Ridi},
	journal={International Journal of Scientific \& Engineering Research},
	volume={3},
	number={12},
	pages={89--93},
	year={2012}
}